@online{ACREAfrica2020,
  author = {ACRE Africa},
  year = {2020},
  title = {Reimagining agriculture insurance using blockchain technology},
  url = {https://acreafrica.com/reimagining-agriculture-insurance-using-blockchain-technology/},
  note = {Accessed 2025-09-25}
}

@online{ACREAfrica2024,
  author = {ACRE Africa},
  year = {2024},
  title = {Building agricultural resilience among smallholder farmers through crop insurance},
  url = {https://acreafrica.com/building-agricultural-resilience-among-smallholder-farmers-through-crop-insurance/},
  note = {Accessed 2025-09-25}
}

@article{Alsdorf2024,
    title = {Is blockchain the next big thing for insurance companies?},
    journal = {Reuters},
    year = {2024},
    url = {https://www.reuters.com/legal/legalindustry/is-blockchain-next-big-thing-insurance-companies-2024-10-09/},
    urldate = {2024-10-09},
    author = {Alsdorf, G. and Berkun, J.}
}

@article{angeris2020improved,
  title={An improved formula for pricing constant product markets},
  author={Angeris, Guillermo and Chitra, Tarun},
  journal={arXiv preprint arXiv:2003.10001},
  year={2020}
}

@online{Artemis2017,
  author = {Artemis},
  year = {2017},
  title = {Kenya Livestock Insurance Program Delivers Payouts},
  url = {https://www.artemis.bm/news/kenya-livestock-insurance-program-delivers-payouts/},
  note = {Accessed 2025-09-25}
}

@report{ADA_OKOFinance2021,
  author = {ADA and OKO Finance},
  year = {2021},
  title = {Lessons learned: OKO Mali},
  institution = {ADA},
  url = {https://www.ada-microfinance.org/sites/default/files/2022-09/Lessons\%20learned\_OKO\%20Mali\_EN.pdf},
  note = {Accessed 2025-09-25}
}

@report{AfricanClimate2024,
  author = {African Climate Foundation},
  year = {2024},
  title = {Kenya Agricultural Insurance Policy Review},
  institution = {African Climate Foundation},
  url = {https://africanclimatefoundation.org/wp-content/uploads/2024/12/KenyaFinalVersion2DecSend.pdf},
  note = {Accessed 2025-09-25}
}

@online{AggregatorV3Interface,
    author = {Chainlink Blog},
    title = {AggregatorV3Interface v0.2.2 API Reference},
    url = {https://docs.chain.link/chainlink-local/api-reference/v022/aggregator-v3-interface/},
    note = {Accessed 2025-09-25}
}

@article{ausubel2002demand,
  title={Demand reduction and inefficiency in multi-unit auctions},
  author={Ausubel, Lawrence M. and Cramton, Peter},
  journal={Working Paper, University of Maryland},
  year={2002}
}

@report{BASIS2017,
    title = {Government of Kenya partners with insurers to make record insurance payouts to livestock herders facing drought},
    year = {2017},
    url = {https://basis.ucdavis.edu/news/government-kenya-partners-insurers-make-record-insurance-payouts-livestock-herders-facing},
    urldate = {2017-02-20},
    author = {\{BASIS\}}
}

@book{bowers1997actuarial,
  title={Actuarial Mathematics},
  author={Bowers, Newton L. and Gerber, Hans U. and Hickman, James C. and Jones, Donald A. and Nesbitt, Cecil J.},
  edition={2nd},
  publisher={Society of Actuaries},
  year={1997}
}

@misc{buterin2015commit,
  title={Commit-Reveal Schemes},
  author={Buterin, Vitalik},
  howpublished={Ethereum Blog},
  year={2015}
}

@online{Chainlink2021,
    title = {Blockchain in insurance},
    howpublished = {Chainlink Blog},
    year = {2021},
    url = {https://blog.chain.link/blockchain-insurance/},
    urldate = {2021-12-14},
    author = {\{Chainlink\}}
}

@article{cole2013barriers,
  title={Barriers to household risk management: Evidence from India},
  author={Cole, Shawn and Giné, Xavier and Vickery, James},
  journal={Quarterly Journal of Economics},
  volume={128},
  number={2},
  pages={709--764},
  year={2013}
}

@article{cummins2009catastrophe,
  title={Catastrophe risk modeling and catastrophe bonds},
  author={Cummins, J. David},
  journal={Journal of Insurance Issues},
  volume={32},
  number={2},
  pages={1--28},
  year={2009}
}

@article{DominguezAnguianoParte2024,
  author = {Dominguez Anguiano, T. and Parte, L.},
  year = {2024},
  title = {The state of art, opportunities and challenges of blockchain in the insurance industry: A systematic literature review},
  journal = {Management Review Quarterly},
  volume = {74},
  number = {2},
  pages = {1097–1118},
  doi = {10.1007/s11301-023-00328-6}
}

@article{egberts2017oracle,
  title={The Oracle Problem in Smart Contracts},
  author={Egberts, Alexander},
  journal={Ledger},
  volume={2},
  pages={1--10},
  year={2017}
}

@online{ERC1155,
  author = {Ethereum},
  year = {2025},
  title = {ERC-1155 Multi-Token Standard},
  url = {https://ethereum.org/en/developers/docs/standards/tokens/erc-1155/},
  note = {Accessed 2025-09-25}
}

@online{Etherisc2021,
    title = {Etherisc and ACRE Africa announce first blockchain-based payouts},
    howpublished = {Medium Blog},
    year = {2021},
    url = {https://blog.etherisc.com/etherisc-update-etherisc-and-acre-africa-announce-first-payouts-through-blockchain-based-platform-a0c5194214f4},
    author = {\{Etherisc\}},
    note = {Accessed 2025-09-25}
}

@report{FAO2024,
    title = {Kenya country profile: Hand-in-Hand initiative},
    year = {2024},
    url = {https://www.fao.org/hand-in-hand/previous-editions/hih-IF-2024/kenya/en},
    author = {\{FAO\}}
}

@report{GovernmentOfKenya2017,
    title = {Kenya climate smart agriculture strategy 2017–2026},
    year = {2017},
    url = {https://www.adaptation-undp.org/sites/default/files/resources/kenya\_climate\_smart\_agriculture\_strategy.pdf},
    author = {Government of Kenya, Ministry of Agriculture, Livestock and Fisheries},
    note = {Accessed 2025-09-25}
}

@online{IUCN,
    title = {Kenya’s arid and semi-arid lands (ASALs)},
    year = {n.d.},
    url = {https://iucn.org/our-work/topic/ecosystem-restoration/restoration-initiative/projects/kenya-asal},
    author = {\{IUCN\}},
    note = {Accessed 2025-09-25}
}

@article{Janzen2020,
    title = {Experimental games to teach farmers about weather index insurance in Kenya},
    year = {2020},
    publisher = {International Initiative for Impact Evaluation (3ie)},
    doi = {10.23846/TW13FE12},
    author = {Janzen, S. and Magnan, N. and Mullally, C. and Garbero, A. and Hughes, K. and Oduol, J. and Palmer, B. and Shin, S.}
}

@article{Jensen2016,
    title = {Index insurance quality and basis risk: Evidence from northern Kenya},
    journal = {American Journal of Agricultural Economics},
    year = {2016},
    volume = {98},
    number = {5},
    pages = {1450--1469},
    doi = {10.1093/ajae/aaw046},
    author = {Jensen, N. D. and Barrett, C. B. and Mude, A. G.}
}

@report{MinistryOfAgriculture2023,
  author = {Ministry of Agriculture},
  year = {2023},
  title = {National Agricultural Insurance Policy 2024},
  institution = {Government of Kenya},
  note = {Accessed 2025-09-25}
}

@online{MunichReFoundation2022,
    title = {Pula learning session: Zambia case},
    year = {2022},
    url = {https://www.munichre-foundation.org/content/dam/munichre/foundation/publications/inclusive-insurance/2022-learning-sessions/20220721\_LS\_Zambia\_Session6\_Joyce\_Pula.pdf},
    author = {\{Munich Re Foundation\}},
    note = {Accessed 2025-09-25}
}

@report{NDMA2021,
  author = {National Drought Management Authority},
  year = {2021},
  title = {Annual Report 2021},
  institution = {NDMA},
  url = {https://www.ndma.go.ke/index.php/resource-center/reports/category/18-annual-reports},
  note = {Accessed 2025-09-25}
}

@report{OCHA2023,
    title = {Kenya 2022 drought response in review},
    year = {2023},
    url = {https://www.unocha.org/publications/report/kenya/kenya-2022-drought-response-review},
    urldate = {2023-02-15},
    author = {\{OCHA\}}
}

@online{OxfordBusinessGroup2017,
    title = {Seeds of growth: Agriculture presents a range of options for insurers},
    year = {2017},
    url = {https://oxfordbusinessgroup.com/reports/kenya/2017-report/economy/seeds-of-growth-agriculture-presents-a-range-of-options-for-insurers},
    urldate = {2017-05-21},
    author = {\{Oxford Business Group\}},
    note = {Accessed 2025-09-25}
}

@inproceedings{parkes2014mechanism,
  title={Economic mechanisms for online platforms},
  author={Parkes, David C. and Seuken, Sven},
  booktitle={ACM Conference on Economics and Computation},
  pages={679--695},
  year={2014}
}

@online{ParametricInsured2025,
    title = {How blockchain is revolutionizing parametric insurance},
    year = {2025},
    url = {https://parametricinsured.com/how-blockchain-is-revolutionizing-parametric-insurance/},
    urldate = {2025-08-08},
    author = {\{Parametric Insured\}},
    note = {Accessed 2025-09-25}
}

@report{ResearchGate2023,
    title = {Blockchain in insurance (preprint)},
    year = {2023},
    doi = {10.36227/techrxiv.24006237},
    author = {\{ResearchGate\}}
}

@article{shiller2003bond,
  title={From efficient markets theory to behavioral finance},
  author={Shiller, Robert J.},
  journal={Journal of Economic Perspectives},
  volume={17},
  number={1},
  pages={83--104},
  year={2003}
}

@article{Shetty2022,
    title = {Block chain application in insurance services: A systematic review of the evidence},
    journal = {SAGE Open},
    year = {2022},
    volume = {12},
    number = {1},
    doi = {10.1177/21582440221079877},
    author = {Shetty, A. and Shetty, A. D. and Pai, R. Y. and Rao, R. R. and Bhandary, R. and Shetty, J. and Nayak, S. and Dinesh, T. K. and Dsouza, K. J.}
}

@article{Sibiko2018,
    title = {Small farmers’ preferences for weather index insurance: Insights from Kenya},
    journal = {Agriculture \& Food Security},
    year = {2018},
    volume = {7},
    number = {1},
    pages = {53},
    doi = {10.1186/s40066-018-0200-6},
    author = {Sibiko, K. W. and Veettil, P. C. and Qaim, M.}
}

@online{TheStar2024,
  author = {The Star},
  year = {2024},
  title = {Kenya’s Drought: Four Years of Crisis},
  journal = {The Star},
  url = {https://www.the-star.co.ke/news/2024-03-15-kenya-drought-four-years-crisis/},
  note = {Accessed 2025-09-25}
}

@online{UNEP-DHI,
    title = {Rapid integrated assessment of ASAL counties in Kenya},
    year = {n.d.},
    url = {https://unepdhi.org/rapid-integrated-assessment-asal-counties-kenya/},
    author = {\{UNEP-DHI\}},
    note = {Accessed 2025-09-25}
}

@online{UNSGSA2023,
    title = {Empowering Kenyan smallholder farmers: Pula’s game-changing digital insurance},
    year = {2023},
    url = {https://www.unsgsa.org/stories/empowering-kenyan-smallholder-farmers-pulas-game-changing-digital-insurance},
    author = {\{UNSGSA\}},
    note = {Accessed 2025-09-25}
}

@article{varian1992micro,
  title={Microeconomic Analysis},
  author={Varian, Hal R.},
  edition={3rd},
  publisher={W.W. Norton \& Company},
  year={1992}
}

@online{Wairimu,
    title = {Factors affecting weather index-based crop insurance in Laikipia County, Kenya},
    year = {n.d.},
    author = {Wairimu, E. and Obare, G. and Odendo, M.}
}

@online{wilson1979auctions,
  title={Auctions of shares},
  author={Wilson, Robert},
  journal={The Quarterly Journal of Economics},
  volume={93},
  number={4},
  pages={675--689},
  year={1979}
}

@online{WorldBank2022,
    title = {Disruptive innovations boost uptake of agriculture insurance solutions in Kenya},
    year = {2022},
    url = {https://www.worldbank.org/en/news/feature/2022/06/15/disruptive-innovations-boost-uptake-of-agriculture-insurance-solutions-in-kenya},
    author = {\{World Bank\}}
}

@online{WorldBank2024,
    title = {World Bank open data},
    year = {2024},
    url = {https://data.worldbank.org},
    author = {\{World Bank\}},
    note = {Accessed 2025-09-25}
}

@article{blum1983coinflipping,
  title={Coin flipping by telephone},
  author={Blum, Manuel},
  journal={Advances in Cryptology},
  year={1983}
}

@article{mascolell1995microeconomic,
  title={Microeconomic Theory},
  author={Mas-Colell, Andreu and Whinston, Michael D. and Green, Jerry R.},
  publisher={Oxford University Press},
  year={1995}
}

@article{wolfers2004prediction,
  title={Prediction markets},
  author={Wolfers, Justin and Zitzewitz, Eric},
  journal={Journal of Economic Perspectives},
  volume={18},
  number={2},
  pages={107--126},
  year={2004}
}
